%YAML 1.1
%TAG !u! tag:unity3d.com,2011:
--- !u!1 &2765858899696936288
GameObject:
  m_ObjectHideFlags: 0
  m_CorrespondingSourceObject: {fileID: 0}
  m_PrefabInstance: {fileID: 0}
  m_PrefabAsset: {fileID: 0}
  serializedVersion: 6
  m_Component:
  - component: {fileID: 2765858899696936289}
  - component: {fileID: 1544180224}
  - component: {fileID: 8852410169290586364}
  - component: {fileID: 8888637797987810581}
  - component: {fileID: 62322697086255190}
  m_Layer: 0
  m_Name: KingTower
  m_TagString: Untagged
  m_Icon: {fileID: 0}
  m_NavMeshLayer: 0
  m_StaticEditorFlags: 0
  m_IsActive: 1
--- !u!4 &2765858899696936289
Transform:
  m_ObjectHideFlags: 0
  m_CorrespondingSourceObject: {fileID: 0}
  m_PrefabInstance: {fileID: 0}
  m_PrefabAsset: {fileID: 0}
  m_GameObject: {fileID: 2765858899696936288}
  m_LocalRotation: {x: 0, y: 0, z: 0, w: 1}
  m_LocalPosition: {x: 0, y: 0, z: 0}
  m_LocalScale: {x: 1, y: 1, z: 1}
  m_ConstrainProportionsScale: 0
  m_Children:
  - {fileID: 2765858900047359703}
  - {fileID: 918308860516457578}
  m_Father: {fileID: 0}
  m_RootOrder: 0
  m_LocalEulerAnglesHint: {x: 0, y: 0, z: 0}
--- !u!114 &1544180224
MonoBehaviour:
  m_ObjectHideFlags: 0
  m_CorrespondingSourceObject: {fileID: 0}
  m_PrefabInstance: {fileID: 0}
  m_PrefabAsset: {fileID: 0}
  m_GameObject: {fileID: 2765858899696936288}
  m_Enabled: 1
  m_EditorHideFlags: 0
  m_Script: {fileID: 11500000, guid: 3564de415dc85c5478306ca03a3e37cd, type: 3}
  m_Name: 
  m_EditorClassIdentifier: 
  _health: {fileID: 8852410169290586364}
  _radius: 0.5
--- !u!114 &8852410169290586364
MonoBehaviour:
  m_ObjectHideFlags: 0
  m_CorrespondingSourceObject: {fileID: 0}
  m_PrefabInstance: {fileID: 0}
  m_PrefabAsset: {fileID: 0}
  m_GameObject: {fileID: 2765858899696936288}
  m_Enabled: 1
  m_EditorHideFlags: 0
  m_Script: {fileID: 11500000, guid: 0caa4cf4356eaa14bb4c6dbe5e3e94f8, type: 3}
  m_Name: 
  m_EditorClassIdentifier: 
  _max: 30
  _current: 0
--- !u!114 &8888637797987810581
MonoBehaviour:
  m_ObjectHideFlags: 0
  m_CorrespondingSourceObject: {fileID: 0}
  m_PrefabInstance: {fileID: 0}
  m_PrefabAsset: {fileID: 0}
  m_GameObject: {fileID: 2765858899696936288}
  m_Enabled: 1
  m_EditorHideFlags: 0
  m_Script: {fileID: 11500000, guid: 4eb73cd0828423246a0363c8afd78925, type: 3}
  m_Name: 
  m_EditorClassIdentifier: 
  _healthBar: {fileID: 7359325388105706738}
  _fillHealthImage: {fileID: 2911557859701420930}
  _tower: {fileID: 1544180224}
--- !u!208 &62322697086255190
NavMeshObstacle:
  m_ObjectHideFlags: 0
  m_CorrespondingSourceObject: {fileID: 0}
  m_PrefabInstance: {fileID: 0}
  m_PrefabAsset: {fileID: 0}
  m_GameObject: {fileID: 2765858899696936288}
  m_Enabled: 1
  serializedVersion: 3
  m_Shape: 1
  m_Extents: {x: 0.5, y: 0.5, z: 0.5}
  m_MoveThreshold: 0.1
  m_Carve: 0
  m_CarveOnlyStationary: 1
  m_Center: {x: 0, y: 0.5, z: 0}
  m_TimeToStationary: 0.5
--- !u!1 &2765858900047359702
GameObject:
  m_ObjectHideFlags: 0
  m_CorrespondingSourceObject: {fileID: 0}
  m_PrefabInstance: {fileID: 0}
  m_PrefabAsset: {fileID: 0}
  serializedVersion: 6
  m_Component:
  - component: {fileID: 2765858900047359703}
  - component: {fileID: 2765858900047359698}
  - component: {fileID: 2765858900047359697}
  - component: {fileID: 2765858900047359696}
  m_Layer: 0
  m_Name: Model
  m_TagString: Untagged
  m_Icon: {fileID: 0}
  m_NavMeshLayer: 0
  m_StaticEditorFlags: 0
  m_IsActive: 1
--- !u!4 &2765858900047359703
Transform:
  m_ObjectHideFlags: 0
  m_CorrespondingSourceObject: {fileID: 0}
  m_PrefabInstance: {fileID: 0}
  m_PrefabAsset: {fileID: 0}
  m_GameObject: {fileID: 2765858900047359702}
  m_LocalRotation: {x: -0, y: -0, z: -0, w: 1}
  m_LocalPosition: {x: 0, y: 0.5, z: 0}
  m_LocalScale: {x: 1, y: 1, z: 1}
  m_ConstrainProportionsScale: 0
  m_Children:
  - {fileID: 487179608119938956}
  m_Father: {fileID: 2765858899696936289}
  m_RootOrder: 0
  m_LocalEulerAnglesHint: {x: 0, y: 0, z: 0}
--- !u!33 &2765858900047359698
MeshFilter:
  m_ObjectHideFlags: 0
  m_CorrespondingSourceObject: {fileID: 0}
  m_PrefabInstance: {fileID: 0}
  m_PrefabAsset: {fileID: 0}
  m_GameObject: {fileID: 2765858900047359702}
  m_Mesh: {fileID: 10202, guid: 0000000000000000e000000000000000, type: 0}
--- !u!23 &2765858900047359697
MeshRenderer:
  m_ObjectHideFlags: 0
  m_CorrespondingSourceObject: {fileID: 0}
  m_PrefabInstance: {fileID: 0}
  m_PrefabAsset: {fileID: 0}
  m_GameObject: {fileID: 2765858900047359702}
  m_Enabled: 0
  m_CastShadows: 1
  m_ReceiveShadows: 1
  m_DynamicOccludee: 1
  m_StaticShadowCaster: 0
  m_MotionVectors: 1
  m_LightProbeUsage: 1
  m_ReflectionProbeUsage: 1
  m_RayTracingMode: 2
  m_RayTraceProcedural: 0
  m_RenderingLayerMask: 1
  m_RendererPriority: 0
  m_Materials:
  - {fileID: 2100000, guid: 51c2c248a03449d43a0da03adecb1af1, type: 2}
  m_StaticBatchInfo:
    firstSubMesh: 0
    subMeshCount: 0
  m_StaticBatchRoot: {fileID: 0}
  m_ProbeAnchor: {fileID: 0}
  m_LightProbeVolumeOverride: {fileID: 0}
  m_ScaleInLightmap: 1
  m_ReceiveGI: 1
  m_PreserveUVs: 0
  m_IgnoreNormalsForChartDetection: 0
  m_ImportantGI: 0
  m_StitchLightmapSeams: 1
  m_SelectedEditorRenderState: 3
  m_MinimumChartSize: 4
  m_AutoUVMaxDistance: 0.5
  m_AutoUVMaxAngle: 89
  m_LightmapParameters: {fileID: 0}
  m_SortingLayerID: 0
  m_SortingLayer: 0
  m_SortingOrder: 0
  m_AdditionalVertexStreams: {fileID: 0}
--- !u!65 &2765858900047359696
BoxCollider:
  m_ObjectHideFlags: 0
  m_CorrespondingSourceObject: {fileID: 0}
  m_PrefabInstance: {fileID: 0}
  m_PrefabAsset: {fileID: 0}
  m_GameObject: {fileID: 2765858900047359702}
  m_Material: {fileID: 0}
  m_IsTrigger: 0
  m_Enabled: 1
  serializedVersion: 2
  m_Size: {x: 1, y: 1, z: 1}
  m_Center: {x: 0, y: 0, z: 0}
--- !u!1001 &92453778563852391
PrefabInstance:
  m_ObjectHideFlags: 0
  serializedVersion: 2
  m_Modification:
    m_TransformParent: {fileID: 2765858900047359703}
    m_Modifications:
    - target: {fileID: -8679921383154817045, guid: d33788a785ab80c45931e82b25cea4dd,
        type: 3}
      propertyPath: m_RootOrder
      value: 0
      objectReference: {fileID: 0}
    - target: {fileID: -8679921383154817045, guid: d33788a785ab80c45931e82b25cea4dd,
        type: 3}
      propertyPath: m_LocalScale.x
      value: 0.5
      objectReference: {fileID: 0}
    - target: {fileID: -8679921383154817045, guid: d33788a785ab80c45931e82b25cea4dd,
        type: 3}
      propertyPath: m_LocalScale.y
      value: 0.5
      objectReference: {fileID: 0}
    - target: {fileID: -8679921383154817045, guid: d33788a785ab80c45931e82b25cea4dd,
        type: 3}
      propertyPath: m_LocalScale.z
      value: 0.5
      objectReference: {fileID: 0}
    - target: {fileID: -8679921383154817045, guid: d33788a785ab80c45931e82b25cea4dd,
        type: 3}
      propertyPath: m_LocalPosition.x
      value: -0
      objectReference: {fileID: 0}
    - target: {fileID: -8679921383154817045, guid: d33788a785ab80c45931e82b25cea4dd,
        type: 3}
      propertyPath: m_LocalPosition.y
      value: -0.5
      objectReference: {fileID: 0}
    - target: {fileID: -8679921383154817045, guid: d33788a785ab80c45931e82b25cea4dd,
        type: 3}
      propertyPath: m_LocalPosition.z
      value: 0
      objectReference: {fileID: 0}
    - target: {fileID: -8679921383154817045, guid: d33788a785ab80c45931e82b25cea4dd,
        type: 3}
      propertyPath: m_LocalRotation.w
      value: 0.7071068
      objectReference: {fileID: 0}
    - target: {fileID: -8679921383154817045, guid: d33788a785ab80c45931e82b25cea4dd,
        type: 3}
      propertyPath: m_LocalRotation.x
      value: -0.7071068
      objectReference: {fileID: 0}
    - target: {fileID: -8679921383154817045, guid: d33788a785ab80c45931e82b25cea4dd,
        type: 3}
      propertyPath: m_LocalRotation.y
      value: 0
      objectReference: {fileID: 0}
    - target: {fileID: -8679921383154817045, guid: d33788a785ab80c45931e82b25cea4dd,
        type: 3}
      propertyPath: m_LocalRotation.z
      value: -0
      objectReference: {fileID: 0}
    - target: {fileID: -8679921383154817045, guid: d33788a785ab80c45931e82b25cea4dd,
        type: 3}
      propertyPath: m_LocalEulerAnglesHint.x
      value: 0
      objectReference: {fileID: 0}
    - target: {fileID: -8679921383154817045, guid: d33788a785ab80c45931e82b25cea4dd,
        type: 3}
      propertyPath: m_LocalEulerAnglesHint.y
      value: 0
      objectReference: {fileID: 0}
    - target: {fileID: -8679921383154817045, guid: d33788a785ab80c45931e82b25cea4dd,
        type: 3}
      propertyPath: m_LocalEulerAnglesHint.z
      value: 0
      objectReference: {fileID: 0}
    - target: {fileID: 919132149155446097, guid: d33788a785ab80c45931e82b25cea4dd,
        type: 3}
      propertyPath: m_Name
      value: Tower_Main
      objectReference: {fileID: 0}
    m_RemovedComponents: []
  m_SourcePrefab: {fileID: 100100000, guid: d33788a785ab80c45931e82b25cea4dd, type: 3}
--- !u!4 &487179608119938956 stripped
Transform:
  m_CorrespondingSourceObject: {fileID: -8679921383154817045, guid: d33788a785ab80c45931e82b25cea4dd,
    type: 3}
  m_PrefabInstance: {fileID: 92453778563852391}
  m_PrefabAsset: {fileID: 0}
--- !u!1001 &1840996401474224722
PrefabInstance:
  m_ObjectHideFlags: 0
  serializedVersion: 2
  m_Modification:
    m_TransformParent: {fileID: 2765858899696936289}
    m_Modifications:
    - target: {fileID: 971398727837582320, guid: 6e582f7d293d61845b27ee4d8a2e23ce,
        type: 3}
      propertyPath: m_StaticEditorFlags
      value: 0
      objectReference: {fileID: 0}
    - target: {fileID: 1527553093867773496, guid: 6e582f7d293d61845b27ee4d8a2e23ce,
        type: 3}
      propertyPath: m_Pivot.x
      value: 0.5
      objectReference: {fileID: 0}
    - target: {fileID: 1527553093867773496, guid: 6e582f7d293d61845b27ee4d8a2e23ce,
        type: 3}
      propertyPath: m_Pivot.y
      value: 0.5
      objectReference: {fileID: 0}
    - target: {fileID: 1527553093867773496, guid: 6e582f7d293d61845b27ee4d8a2e23ce,
        type: 3}
      propertyPath: m_RootOrder
      value: 1
      objectReference: {fileID: 0}
    - target: {fileID: 1527553093867773496, guid: 6e582f7d293d61845b27ee4d8a2e23ce,
        type: 3}
      propertyPath: m_AnchorMax.x
      value: 0.5
      objectReference: {fileID: 0}
    - target: {fileID: 1527553093867773496, guid: 6e582f7d293d61845b27ee4d8a2e23ce,
        type: 3}
      propertyPath: m_AnchorMax.y
      value: 0.5
      objectReference: {fileID: 0}
    - target: {fileID: 1527553093867773496, guid: 6e582f7d293d61845b27ee4d8a2e23ce,
        type: 3}
      propertyPath: m_AnchorMin.x
      value: 0.5
      objectReference: {fileID: 0}
    - target: {fileID: 1527553093867773496, guid: 6e582f7d293d61845b27ee4d8a2e23ce,
        type: 3}
      propertyPath: m_AnchorMin.y
      value: 0.5
      objectReference: {fileID: 0}
    - target: {fileID: 1527553093867773496, guid: 6e582f7d293d61845b27ee4d8a2e23ce,
        type: 3}
      propertyPath: m_SizeDelta.x
      value: 0.5
      objectReference: {fileID: 0}
    - target: {fileID: 1527553093867773496, guid: 6e582f7d293d61845b27ee4d8a2e23ce,
        type: 3}
      propertyPath: m_SizeDelta.y
      value: 0.5
      objectReference: {fileID: 0}
    - target: {fileID: 1527553093867773496, guid: 6e582f7d293d61845b27ee4d8a2e23ce,
        type: 3}
      propertyPath: m_LocalPosition.x
      value: 0
      objectReference: {fileID: 0}
    - target: {fileID: 1527553093867773496, guid: 6e582f7d293d61845b27ee4d8a2e23ce,
        type: 3}
      propertyPath: m_LocalPosition.y
      value: 0
      objectReference: {fileID: 0}
    - target: {fileID: 1527553093867773496, guid: 6e582f7d293d61845b27ee4d8a2e23ce,
        type: 3}
      propertyPath: m_LocalPosition.z
      value: 0
      objectReference: {fileID: 0}
    - target: {fileID: 1527553093867773496, guid: 6e582f7d293d61845b27ee4d8a2e23ce,
        type: 3}
      propertyPath: m_LocalRotation.w
      value: 1
      objectReference: {fileID: 0}
    - target: {fileID: 1527553093867773496, guid: 6e582f7d293d61845b27ee4d8a2e23ce,
        type: 3}
      propertyPath: m_LocalRotation.x
      value: 0
      objectReference: {fileID: 0}
    - target: {fileID: 1527553093867773496, guid: 6e582f7d293d61845b27ee4d8a2e23ce,
        type: 3}
      propertyPath: m_LocalRotation.y
      value: 0
      objectReference: {fileID: 0}
    - target: {fileID: 1527553093867773496, guid: 6e582f7d293d61845b27ee4d8a2e23ce,
        type: 3}
      propertyPath: m_LocalRotation.z
      value: 0
      objectReference: {fileID: 0}
    - target: {fileID: 1527553093867773496, guid: 6e582f7d293d61845b27ee4d8a2e23ce,
        type: 3}
      propertyPath: m_AnchoredPosition.x
      value: 0
      objectReference: {fileID: 0}
    - target: {fileID: 1527553093867773496, guid: 6e582f7d293d61845b27ee4d8a2e23ce,
        type: 3}
      propertyPath: m_AnchoredPosition.y
      value: 0
      objectReference: {fileID: 0}
    - target: {fileID: 1527553093867773496, guid: 6e582f7d293d61845b27ee4d8a2e23ce,
        type: 3}
      propertyPath: m_LocalEulerAnglesHint.x
      value: 0
      objectReference: {fileID: 0}
    - target: {fileID: 1527553093867773496, guid: 6e582f7d293d61845b27ee4d8a2e23ce,
        type: 3}
      propertyPath: m_LocalEulerAnglesHint.y
      value: 0
      objectReference: {fileID: 0}
    - target: {fileID: 1527553093867773496, guid: 6e582f7d293d61845b27ee4d8a2e23ce,
        type: 3}
      propertyPath: m_LocalEulerAnglesHint.z
      value: 0
      objectReference: {fileID: 0}
    - target: {fileID: 5450837795403671475, guid: 6e582f7d293d61845b27ee4d8a2e23ce,
        type: 3}
      propertyPath: m_SizeDelta.x
      value: 1.2
      objectReference: {fileID: 0}
    - target: {fileID: 5450837795403671475, guid: 6e582f7d293d61845b27ee4d8a2e23ce,
        type: 3}
      propertyPath: m_SizeDelta.y
      value: 0.1
      objectReference: {fileID: 0}
    - target: {fileID: 5450837795403671475, guid: 6e582f7d293d61845b27ee4d8a2e23ce,
        type: 3}
      propertyPath: m_AnchoredPosition.y
      value: 2
      objectReference: {fileID: 0}
    - target: {fileID: 6139292773983655988, guid: 6e582f7d293d61845b27ee4d8a2e23ce,
        type: 3}
      propertyPath: m_Name
      value: WorldCanvas
      objectReference: {fileID: 0}
    - target: {fileID: 6139292773983655988, guid: 6e582f7d293d61845b27ee4d8a2e23ce,
        type: 3}
      propertyPath: m_StaticEditorFlags
      value: 0
      objectReference: {fileID: 0}
    - target: {fileID: 7816746728160454761, guid: 6e582f7d293d61845b27ee4d8a2e23ce,
        type: 3}
      propertyPath: m_PresetInfoIsWorld
      value: 1
      objectReference: {fileID: 0}
    - target: {fileID: 9200039351707840160, guid: 6e582f7d293d61845b27ee4d8a2e23ce,
        type: 3}
      propertyPath: m_StaticEditorFlags
      value: 0
      objectReference: {fileID: 0}
    m_RemovedComponents:
    - {fileID: 771482776232457366, guid: 6e582f7d293d61845b27ee4d8a2e23ce, type: 3}
  m_SourcePrefab: {fileID: 100100000, guid: 6e582f7d293d61845b27ee4d8a2e23ce, type: 3}
--- !u!224 &918308860516457578 stripped
RectTransform:
  m_CorrespondingSourceObject: {fileID: 1527553093867773496, guid: 6e582f7d293d61845b27ee4d8a2e23ce,
    type: 3}
  m_PrefabInstance: {fileID: 1840996401474224722}
  m_PrefabAsset: {fileID: 0}
--- !u!114 &2911557859701420930 stripped
MonoBehaviour:
  m_CorrespondingSourceObject: {fileID: 3597080927447757264, guid: 6e582f7d293d61845b27ee4d8a2e23ce,
    type: 3}
  m_PrefabInstance: {fileID: 1840996401474224722}
  m_PrefabAsset: {fileID: 0}
  m_GameObject: {fileID: 0}
  m_Enabled: 1
  m_EditorHideFlags: 0
  m_Script: {fileID: 11500000, guid: fe87c0e1cc204ed48ad3b37840f39efc, type: 3}
  m_Name: 
  m_EditorClassIdentifier: 
--- !u!1 &7359325388105706738 stripped
GameObject:
  m_CorrespondingSourceObject: {fileID: 9200039351707840160, guid: 6e582f7d293d61845b27ee4d8a2e23ce,
    type: 3}
  m_PrefabInstance: {fileID: 1840996401474224722}
  m_PrefabAsset: {fileID: 0}
